<record><leader>00000cas a2200000 a 4500</leader><controlfield tag="001">10769965</controlfield><controlfield tag="008">840524d18521940nhuwr ne      0    0eng c</controlfield><datafield ind1=" " ind2=" " tag="010"><subfield code="a">sn 84023142 </subfield></datafield><datafield ind1=" " ind2=" " tag="040"><subfield code="a">AQM</subfield><subfield code="b">eng</subfield><subfield code="c">AQM</subfield><subfield code="d">NPX</subfield><subfield code="d">DLC</subfield><subfield code="d">NPU</subfield><subfield code="d">NVH</subfield><subfield code="d">YOX</subfield><subfield code="d">NVH</subfield><subfield code="d">DLC</subfield><subfield code="d">OCL</subfield><subfield code="d">DLC</subfield><subfield code="d">KRTAS</subfield><subfield code="d">OCLCQ</subfield><subfield code="d">OCLCF</subfield><subfield code="d">NDD</subfield></datafield><datafield ind1=" " ind2=" " tag="042"><subfield code="a">pcc</subfield></datafield><datafield ind1=" " ind2=" " tag="043"><subfield code="a">n-us-nh</subfield></datafield><datafield ind1="0" ind2="0" tag="050"><subfield code="a">Newspaper</subfield></datafield><datafield ind1="0" ind2=" " tag="130"><subfield code="a">New Hampshire gazette (Portsmouth, N.H. : 1852)</subfield></datafield><datafield ind1="1" ind2="4" tag="245"><subfield code="a">The New Hampshire gazette.</subfield></datafield><datafield ind1=" " ind2=" " tag="260"><subfield code="a">Portsmouth, N.H. :</subfield><subfield code="b">Edward N. Fuller</subfield></datafield><datafield ind1=" " ind2=" " tag="300"><subfield code="a">v.</subfield></datafield><datafield ind1=" " ind2=" " tag="310"><subfield code="a">Weekly</subfield></datafield><datafield ind1="0" ind2=" " tag="362"><subfield code="a">Vol. 98, no. 13 (Mar. 23, 1852)-v. 184 (Dec. 28, 1940).</subfield></datafield><datafield ind1=" " ind2=" " tag="530"><subfield code="a">Also issued on microfilm from the Library of Congress, Photoduplication Service.</subfield></datafield><datafield ind1=" " ind2=" " tag="580"><subfield code="a">Daily eds.: Daily evening gazette (Portsmouth, N.H.); Daily morning chronicle (Portsmouth, N.H. : 1857); Portsmouth daily chronicle.</subfield></datafield><datafield ind1=" " ind2="0" tag="651"><subfield code="a">Portsmouth (N.H.)</subfield><subfield code="v">Newspapers.</subfield></datafield><datafield ind1=" " ind2="7" tag="651"><subfield code="a">New Hampshire</subfield><subfield code="z">Portsmouth.</subfield><subfield code="2">fast</subfield><subfield code="0">(OCoLC)fst01207640</subfield></datafield><datafield ind1=" " ind2="7" tag="655"><subfield code="a">Newspapers.</subfield><subfield code="2">fast</subfield><subfield code="0">(OCoLC)fst01423814</subfield></datafield><datafield ind1=" " ind2=" " tag="752"><subfield code="a">United States</subfield><subfield code="b">New Hampshire</subfield><subfield code="c">Rockingham</subfield><subfield code="d">Portsmouth.</subfield></datafield><datafield ind1="1" ind2=" " tag="775"><subfield code="t">Daily evening gazette (Portsmouth, N.H.)</subfield><subfield code="w">(DLC)sn 84023429</subfield><subfield code="w">(OCoLC)10886123</subfield></datafield><datafield ind1="1" ind2=" " tag="775"><subfield code="t">Daily morning chronicle (Portsmouth, N.H. : 1857)</subfield><subfield code="w">(DLC)sn 84023498</subfield><subfield code="w">(OCoLC)10892308</subfield></datafield><datafield ind1="1" ind2=" " tag="775"><subfield code="t">Portsmouth daily chronicle</subfield><subfield code="w">(DLC)sn 84023499</subfield><subfield code="w">(OCoLC)2266376</subfield></datafield><datafield ind1="0" ind2="0" tag="780"><subfield code="t">New Hampshire gazette and Republican union</subfield><subfield code="w">(DLC)sn 84023141</subfield><subfield code="w">(OCoLC)10769915</subfield></datafield><datafield ind1=" " ind2=" " tag="938"><subfield code="a">Kirtas Technologies, Inc.</subfield><subfield code="b">KRTS</subfield><subfield code="n">738466</subfield></datafield><datafield ind1="1" ind2=" " tag="029"><subfield code="a">AU@</subfield><subfield code="b">000025820633</subfield></datafield></record>